@article{roth2004kidney,
  title={Kidney exchange},
  author={Roth, Alvin E and S{\"o}nmez, Tayfun and {\"U}nver, M Utku},
  journal={The Quarterly journal of economics},
  volume={119},
  number={2},
  pages={457--488},
  year={2004},
  publisher={MIT Press}
}
